@Book{Bar-Shalom+Li+Kirubarajan:2001,
  author     = {Y. Bar-Shalom and X.-R. Li and
                T. Kirubarajan},
  title      = {Estimation with Applications to Tracking and Navigation},
  publisher  = {Wiley Interscience},
  year       = {2001}
}

@Article{Barber:2006,
   author = {D. Barber},
    title = {Expectation correction for smoothed
             inference in switching linear dynamical systems},
  journal = {Journal of Machine Learning Research},
   volume = {7},
    pages = {2515--2540},
     year = {2006},
}

@Article{Briers+Doucet+Maskell:2010,
   title = {Smoothing algorithms for state-space models},
  author = {M. Briers and A. Doucet and S. Maskell},
 journal = {Ann Inst Stat Math},
    year = {2010},
  volume = {62},
   pages = {61--89},
}

@Article{Cappe+Godsill+Moulines:2007,
  author = {O. Capp\'e and S. J. Godsill and E. Moulines},
   title = {An overview of existing methods and recent
            advances in sequential {M}onte {C}arlo},
 journal = {Proceedings of the IEEE},
  volume = {95},
  number = {5},
   pages = {899--924},
    year = {2007},
}

@Article{Chen+Liu:2000,
  author  = {R. Chen and J. S. Liu},
  title   = {Mixture {K}alman Filters},
  journal = {Journal of the Royal Statistical Society.
             Series B (Statistical Methodology)},
  volume  = {62},
   number = {3},
  pages   = {493--508},
  year    = {2000},
}

@Book{Crisan+Rozovskii:2011,
     title = {The Oxford Handbook of Nonlinear Filtering}, 
    editor = {D. Crisan and B. Rozovskii},
 publisher = {Oxford},
      year = {2011},
},

@Book{Doucet+Freitas+Gordon:2001,
 editor      = {A. Doucet and N. {de Freitas} and N. Gordon},
 title       = {Sequential {M}onte {C}arlo Methods in Practice},
 publisher   = {Springer},
 year        = {2001}
}

@Article{Doucet+Godsill+Andrieu:2000,
  title = {On Sequential {M}onte {C}arlo Sampling Methods
           for {B}ayesian Filtering},
 author = {A. Doucet and S. J. Godsill and C. Andrieu},
 journal = {Statistics and Computing},
 volume  = {10(3)},
 pages   = {197--208},
 year    = {2000},
}

@Unpublished{Douc+Garivier+Moulines+Olsson:2010,
   title = {Sequential {M}onte {C}arlo Smoothing for
            General State Space Hidden {M}arkov Models},
  author = {R. Douc and A. Garivier and
            E. Moulines and J. Olsson},
    note = {(submitted)},
    year = {2010},
}

@InProceedings{Doucet+Godsill+West:2000,
     author = {A. Doucet and S.J. Godsill and M. West},
  booktitle = {Proceedings of IEEE International Conference on
               Acoustics, Speech, and Signal Processing, ICASSP '00},
      title = {{M}onte {C}arlo filtering and smoothing with application
               to time-varying spectral estimation},
       year = {2000},
     volume = {2},
      pages = {701--704},
}

@Article{Fearnhead:2010,
  author = {P. Fearnhead and D. Wyncoll and J. Tawn}, 
   title = {A sequential smoothing algorithm with
            linear computational cost}, 
  volume = {97}, 
  number = {2}, 
   pages = {447--464}, 
    year = {2010}, 
 journal = {Biometrika},
}

@InProceedings{Fong+Godsill:2001,
      title = {{M}onte {C}arlo smoothing with application to
               audio signal enhancement},
     author = {W. Fong and S. Godsill},
  booktitle = {Proceedings of the 11th IEEE Signal Processing
               Workshop on Statistical Signal Processing},
  pages = {18--21},
   year = {2001},
}

@Article{Fong+Godsill+Doucet+West:2002,
  author  = {W. Fong and S. J. Godsill and
             A. Doucet and M. West},
  year    = {2002},
  title   = {{M}onte {C}arlo Smoothing With Application to
             Audio Signal Enhancement},
  journal = {IEEE Transactions on Signal Processing},
  volume  = {50(2)},
  pages   = {438--449},
}

@Article{Fraser+Potter:1969,
  author = {D. C. Fraser and J. E. Potter},
   title = {The Optimum Linear Smoother as a Combination of
            Two Optimum Linear Filters},
 journal = {IEEE Transactions on Automatic Control},
  volume = {14},
  number = {4},
   pages = {387--390},
    year = {1969},
}

@article{Godsill+Doucet+West:2004,
  author = {S. J. Godsill and A. Doucet and M. West},
  title  = {{M}onte {C}arlo Smoothing for Nonlinear Time Series},
  journal = {Journal of the American Statistical Association},
  volume  = {99(465)},
  pages = {156--168},
  year  = {2004},
}

@Article{Gordon+Salmon+Smith:1993,
  author = {N. J. Gordon and D. J. Salmond and A. F. M. Smith},
  title  = {Novel approach to nonlinear/non-{G}aussian {B}ayesian
            state estimation},
  journal   = {IEE Proceedings F},
  volume    = {140},
  number    = {2},
  pages     = {107--113},
  year      = {1993}
}

@Book{Grewal+Andrews:2001,
  author     = {M. S. Grewal and A. P. Andrews},
  title      = {Kalman Filtering, Theory and Practice Using MATLAB},
  publisher  = {Wiley Interscience},
  year       = {2001}
}

@Article{Ho+Lee:1964,
   title = {A {B}ayesian approach to problems in stochastic
            estimation and control},
  author = {Y. C. Ho and R. C. K. Lee},
 journal = {IEEE Transactions on Automatic Control},
  volume = {9},
    year = {1964},
   pages = {333--339},
}

@Article{Hurzeler+Kunsch:1998,
   title = {{M}onte {C}arlo Approximations for General State-Space Models},
  author = {M. H\"urzeler and H. R. Kunsch},
    year = {1998},
 journal = {Journal of Computational and Graphical Statistics},
  volume = {7},
  number = {2},
   pages = {175--193},
}

@Book{Jazwinski:1970,
  author     = {A. H. Jazwinski},
  title      = {Stochastic Processes and Filtering Theory},
  publisher  = {Academic Press},
  year       = {1970}
}


@Article{Kalman:1960,
 author      = {R. E. Kalman},
 title       = {A new approach to linear filtering and prediction problems},
 journal     = {Transactions of the ASME, Journal of Basic
                Engineering},
 volume      = {82},
 pages       = {35--45},
 year        = {1960},
 month       = {March}
}

@Article{Kim:1994,
  author = {C-J. Kim},
   title = {Dynamic linear models with {M}arkov-switching},
 journal = {Journal of Econometrics},
  volume = {60},
   pages = {1--22},
    year = {1994},
}

@Article{Kitagawa:1987,
   title = {Non-{G}aussian State-Space Modeling of
            Nonstationary Time Series},
  author = {G. Kitagawa},
 journal = {Journal of the American Statistical Association},
  volume = {82},
  number = {400},
    year = {1987},
   pages = {1032--1041}
},


@Article{Kitagawa:1994,
  author  = {G. Kitagawa},
   title  = {The Two-Filter Formula for Smoothing and
             An Implementation of the {G}aussian-Sum Smoother},
  journal = {Annals of the Institute of Statistical Mathematics},
  volume  = {46},
  year    = {1994},
  pages   = {605--623},
}

@Article{Kitagawa:1996,
  author     = {G. Kitagawa},
  title      = {{M}onte {C}arlo Filter and Smoother for Non-{G}aussian
                Nonlinear State Space Models},
  journal    = {Journal of Computational and Graphical Statistics},
  volume     = {5},
  pages      = {1--25},
  year       = {1996}
}

@book{Lee:1964,
    author = {R. C. K. Lee},
     title = {Optimal Estimation, Identification and Control},
      year = {1964},
 publisher = {M.I.T. Press},
}

@TechReport{Lindsten+Schon:2011,
  author = {F. Lindsten and T. B. Sch\"on},
   title = {{R}ao-{B}lackwellized particle smoothers for mixed
            linear/nonlinear state-space models},
  institution = {Link\"opings Universitet},
  year = {2011},
  number = {LiTH-ISY-R-2018},
}

@Article{Liu+Chen:1995,
 author      = {J. S. Liu and R. Chen},
 title       = {Blind deconvolution via sequential imputations},
 journal     = {Journal of the American Statistical Association},
 year        = {1995},
 volume      = {90(430)},
 pages       = {567--576}
}

@Article{Rauch+Tung+Striebel:1965,
  author  = {H. E. Rauch and F. Tung and C. T. Striebel},
  title   = {Maximum Likelihood Estimates of Linear Dynamic Systems},
  journal = {AIAA Journal},
  volume  = {3},
   number = {8},
  pages   = {1445--1450},
  year    = {1965},
}

@Book{Ristic+Arulampalam+Gordon:2004,
 author      = {B. Ristic and S. Arulampalam and N. Gordon},
 title       = {Beyond the {K}alman Filter},
 publisher   = {Artech House},
 year        = {2004}
}

@Article{Sarkka:2008a,
  author  = {S. S\"arkk\"a},
  title   = {Unscented {R}auch-{T}ung-{S}triebel Smoother},
  journal = {IEEE Transactions on Automatic Control},
  volume  = {53(3)},
  pages   = {845--849},
  year    = {2008},
}

@Article{Sarkka+Hartikainen:2010,
  author = {S. S\"arkk\"a and J. Hartikainen},
    year = {2010},
   title = {On {G}aussian Optimal Smoothing of Non-Linear
            State Space Models},
 journal = {IEEE Transactions on Automatic Control},
  volume = {55},
  number = {8},
   pages = {1938--1941},
}

@InProceedings{Sarkka+Bunch+Godsill:2012,
  title = {A Backward-Simulation Based {R}ao-{B}lackwellized Particle Smoother for
           Conditionally Linear {G}aussian Models},
  author = {Simo S\"arkk\"a and Pete Bunch and Simon~J. Godsill},
  booktitle = {Proceedings of 16th IFAC Symposium on System Identification (SYSID 2012)},
  year = {2012},
}

@Article{Storvik:2002,
  author = {G. Storvik},
  title  = {Particle filters in state space models with the presence of
            unknown static parameters},
  journal = {IEEE Transactions on Signal Processing},
  volume = {50(2)},
  pages  = {281--289},
  year   = {2002},
}

@Article{Tanizaki:2001,
   title = {Nonlinear and non-Gaussian state space modeling
            using sampling techniques},
  author = {H. Tanizaki},
    year = {2001},
 journal = {Ann. Inst. Statist. Math.},
  volume = {53},
  number = {1},
   pages = {63--81},
}

